<record><leader>00000cas a22000007a 4500</leader><controlfield tag="001">13023717</controlfield><controlfield tag="008">860115d19201970iaudn ne      0    0eng d</controlfield><datafield ind1=" " ind2=" " tag="010"><subfield code="a">sn 86060014 </subfield></datafield><datafield ind1=" " ind2=" " tag="040"><subfield code="a">INP</subfield><subfield code="b">eng</subfield><subfield code="c">INP</subfield><subfield code="d">OCLCQ</subfield></datafield><datafield ind1=" " ind2=" " tag="042"><subfield code="a">msc</subfield></datafield><datafield ind1="0" ind2="0" tag="245"><subfield code="a">Cedar Valley daily times.</subfield></datafield><datafield ind1="1" ind2="7" tag="246"><subfield code="a">Daily times, Vinton, Iowa</subfield><subfield code="f">Feb. 17, 1969-Dec. 31, 1970</subfield></datafield><datafield ind1=" " ind2=" " tag="260"><subfield code="a">Vinton, Iowa :</subfield><subfield code="b">H.G. Kruse,</subfield><subfield code="c">1920-1970.</subfield></datafield><datafield ind1=" " ind2=" " tag="300"><subfield code="a">50 v. :</subfield><subfield code="b">ill.</subfield></datafield><datafield ind1=" " ind2=" " tag="310"><subfield code="a">Daily (except Saturday, Sunday, and holidays),</subfield><subfield code="b">Nov. 19, 1962-Dec. 31, 1970</subfield></datafield><datafield ind1=" " ind2=" " tag="321"><subfield code="a">Daily (except Sunday),</subfield><subfield code="b">&lt;May 20, 1926&gt;-Nov. 16, 1962</subfield></datafield><datafield ind1="0" ind2=" " tag="362"><subfield code="a">Vol. 36, no. 80 (Dec. 1, 1920)-v. 85, no. 88 (Dec. 31, 1970).</subfield></datafield><datafield ind1=" " ind2=" " tag="500"><subfield code="a">"Centennial edition," commemorating the town of Vinton's centennial, issued July 19, 1969.</subfield></datafield><datafield ind1=" " ind2=" " tag="500"><subfield code="a">Includes occasional special editions.</subfield></datafield><datafield ind1=" " ind2=" " tag="500"><subfield code="a">Publisher varies.</subfield></datafield><datafield ind1=" " ind2=" " tag="515"><subfield code="a">Vol. 77, no. 72 omitted in numbering.</subfield></datafield><datafield ind1=" " ind2=" " tag="525"><subfield code="a">Includes occasional supplements.</subfield></datafield><datafield ind1=" " ind2=" " tag="752"><subfield code="a">United States</subfield><subfield code="b">Iowa</subfield><subfield code="c">Benton</subfield><subfield code="d">Vinton.</subfield></datafield><datafield ind1="0" ind2="0" tag="780"><subfield code="t">Cedar Valley times (Vinton, Iowa : 1914)</subfield><subfield code="w">(DLC)sn 85049829</subfield></datafield><datafield ind1="0" ind2="0" tag="785"><subfield code="t">Cedar Valley times (Vinton, Iowa : 1971)</subfield><subfield code="w">(DLC)sn 83009965</subfield></datafield></record>